@article{michaud1989markowitz_enigma,
  title={The Markowitz optimization enigma: Is `optimized' optimal?},
  author={Michaud, R.},
  journal={Financial analysts journal},
  volume={45},
  number={1},
  pages={31--42},
  year={1989},
  publisher={Taylor \& Francis}
}

@article{almgren2000optimal,
  added-at = {2015-07-21T13:20:40.000+0200},
  author = {Almgren, R. and Chriss, N.},
  journal = {Journal of Risk},
  keywords = {impact market},
  pages = {5-39},
  title = {Optimal execution of portfolio transactions},
  year = 2000
}

@book{boydconvex,
    title = {Convex Optimization},
    author = {Boyd, S. and Vandenberghe, L.},
    year = {2004},
    publisher = {Cambridge University Press}
}

@article{choueifaty2011toward,
    title = {Toward maximum diversification},
    author = {Choueifaty, Y. and Coignard, Y. and Reynier, J.},
    journal = {Journal of portfolio management},
    volume = {37},
    number = {3},
     pages = {15--27},
    year = {2011},
    publisher = {Taylor & Francis}
    }

@misc{cvxmarkowitz,
  author = {Stanford University Convex Optimization Group},
  title = {{CVXMARKOWITZ}},
  year = {2023},
  howpublished = {\url{https://github.com/cvxgrp/cvxmarkowitz}},
  Url = {\url{https://github.com/cvxgrp/cvxmarkowitz}}
}

@Article{cvxpy,
    Title = {{CVXPY}: A {P}ython-Embedded Modeling Language for Convex Optimization},
    Author = {S. Diamond and S. Boyd},
    Journal = {Journal of Machine Learning Research},
    Year = {2016},
    Number = {83},
    Pages = {1--5},
    Volume = {17},

    Bdsk-url-1 = {http://stanford.edu/~boyd/papers/pdf/cvxpy_paper.pdf},
    Url = {http://stanford.edu/~boyd/papers/pdf/cvxpy_paper.pdf}
}

@article{delbaen2002coherent,
    title = {Coherent Measures of Risk},
    author = {Delbaen, F.},
    journal = {Mathematical Finance},
    volume = {12},
    number = {3},
    pages = {301--323},
    year = {2002},
    publisher = {Wiley-Blackwell},
    doi = {10.1111/1467-9965.00022}
}

@article{hestenes1952,
  author = {Hestenes, M. and Stiefel, E.},
  title = {Methods of Conjugate Gradients for Solving Linear Systems},
  journal = {Journal of Research of the National Bureau of Standards},
  volume = {49},
  number = {6},
  pages = {409--436},
  year = {1952},
}

@misc{johansson2023covariance,
    title = {A Simple Method for Predicting Covariance Matrices of Financial Returns},
    author = {K. Johansson and G. Ogut and M. Pelger and T. Schmelzer and S. Boyd},
    year = {2023},
    eprint = {2305.19484},
    archivePrefix = {arXiv},
}


@book{leibowitz2009modern,
  author = {Leibowitz, M. and S. Emrich and A. Bova},
  title = {Modern Portfolio Management: Active Long/Short 130/30 Equity Strategies},
  publisher = {Wiley},
  year = {2009}
}

@article{markowitz1952portfolio,
    title = {Portfolio selection},
    author = {Markowitz, H.},
    journal = {The Journal of Finance},
    volume = {7},
    number = {1},
    pages = {77--91},
    year = {1952},
    publisher = {Wiley Online Library}
}

@book{markowitz1955cla,
author="Markowitz, H.",
title="The Optimization of Quadratic Functions Subject to Linear Constraints",
address="Santa Monica, CA",
year="1955",
publisher="RAND Corporation"
}

@inproceedings{markowitz1991,
  title={Nobel Lectures, Economics 1981-1990},
  editor={M{\"a}ler, K.},
  author={Markowitz, H.},
  year={1992},
  publisher={World Scientific Publishing Co.},
  address={Singapore}
}

@book{markowitz2019aqr,
    title = {From Portfolio Theory to Practice: An AQR interview with Harry Markowitz},
    author = {Markowitz, H.},
    year = {2019},
    publisher = {AQR Capital Management}
}

@inbook{markowitz2020,
author = {H.   Markowitz  and  D.   Starer  and  H.   Fram  and  S.   Gerber},
title = {Avoiding the Downside: A Practical Review of the Critical Line Algorithm for Mean-Semivariance Portfolio Optimization},
booktitle = {Handbook of Applied Investment Research},
chapter = {16},
pages = {369-415},
doi = {10.1142/9789811222634_0017},
URL = {https://www.worldscientific.com/doi/abs/10.1142/9789811222634_0017},
eprint = {https://www.worldscientific.com/doi/pdf/10.1142/9789811222634_0017},
}


@book{michaud1998efficient,
    title = {Efficient Asset Management: A Practical Guide to Stock Portfolio Optimization and Asset Allocation},
    author = {Michaud, R.},
    year = {1998},
    publisher = {Harvard Business Review Press}
}

@article{prentice1991interview,
    title = {An interview with Harry Markowitz},
    author = {Prentice, R.},
    journal = {The Journal of Investing},
    volume = {1},
    number = {4},
    pages = {6--12},
    year = {1991},
    publisher = {Springer}
}

@book{press1992numerical,
    title = {Numerical recipes in C: the art of scientific computing},
    author = {Press, W. and Teukolsky, S. and Vetterling, W. and Flannery, B.},
    year = {1992},
    publisher = {Cambridge university press}
}

@misc{schmelzer2013seven,
    title = {Seven Sins in Portfolio Optimization},
    author = {T. Schmelzer and R. Hauser},
    year = {2013},
    eprint = {1310.3396},
    archivePrefix = {arXiv},
    primaryClass = {q-fin.PM}
}

@article{sharpe1963,
  author = {Sharpe, W.},
  title = {A Simplified Model for Portfolio Analysis},
  journal = {Management Science},
  volume = {9},
  number = {2},
  pages = {277--293},
  year = {1963},
}

@article{sharpe1970,
  title={Portfolio selection},
  author={Sharpe, W.},
  journal={The Journal of Finance},
  volume={25},
  number={1},
  pages={77--91},
  year={1970},
  publisher={Wiley}
}


@article{BoydKahnMultiPeriod,
    doi = {10.1561/2400000023},
    url = {https://doi.org/10.1561/2400000023},
    year = {2017},
    publisher = {Now Publishers},
    volume = {3},
    number = {1},
    pages = {1--76},
    author = {Boyd, S. and Busseti, E. and Diamond, S. and Kahn, R. and Koh, K. and Nystrup, P. and Speth, J.},
    title = {Multi-Period Trading via Convex Optimization},
    journal = {Foundations and Trends{\textregistered} in Optimization}
}

@article{ANG2011102,
    title = {Hedge fund leverage},
    journal = {Journal of Financial Economics},
    volume = {102},
    number = {1},
    pages = {102-126},
    year = {2011},
    issn = {0304-405X},
    doi = {https://doi.org/10.1016/j.jfineco.2011.02.020},
    url = {https://www.sciencedirect.com/science/article/pii/S0304405X11001425},
    author = {A. Ang and S. Gorovyy and G. {van Inwegen}},
}
