% This file was created with JabRef 2.10.
% Encoding: Cp1252

@article{lillo2003econophysics,
  title={Econophysics: {M}aster curve for price-impact function},
  author={Lillo, F. and Farmer, J. and Mantegna, R.},
  journal={Nature},
  volume={421},
  number={6919},
  pages={129--130},
  year={2003},
  publisher={Nature Publishing Group}
}

@article{moro2009market,
  title={Market impact and trading profile of hidden orders in stock markets},
  author={Moro, E. and Vicente, J. and Moyano, L. and Gerig, A. and Farmer, J. and Vaglica, G. and Lillo, F. and Mantegna, R.},
  journal={Physical Review E},
  volume={80},
  number={6},
  pages={066102},
  year={2009},
  publisher={APS}
}

@article{bershova2013non,
  title={The non-linear market impact of large trades: {E}vidence from buy-side order flow},
  author={Bershova, N. and Rakhlin, D.},
  journal={Quantitative Finance},
  volume={13},
  number={11},
  pages={1759--1778},
  year={2013},
  publisher={Taylor \& Francis}
}

@article{gomes2015market,
  title={Is market impact a measure of the information value of trades? {M}arket response to liquidity vs. informed metaorders},
  author={Gomes, C. and Waelbroeck, H.},
  journal={Quantitative Finance},
  volume={15},
  number={5},
  pages={773--793},
  year={2015},
  publisher={Taylor \& Francis}
}

@article{elton1996survivor,
  title={Survivor bias and mutual fund performance},
  author={Elton, E. and Gruber, M. and Blake, C.},
  journal={The Review of Financial Studies},
  volume={9},
  number={4},
  pages={1097--1120},
  year={1996},
  publisher={Oxford University Press}
}

@article{busseti2015volume,
  title={Volume weighted average price optimal execution},
  author={Busseti, E. and Boyd, S.},
  journal={arXiv preprint arXiv:1509.08503},

  Archiveprefix            = {arXiv},
  Eprint                   = {1509.08503},
  Primaryclass             = {q-fin.tr},
  year={2015}
}

@book{friedman2001elements,
  title={The Elements of Statistical Learning},
  author={Friedman, J. and Hastie, T. and Tibshirani, R.},
  year={2001},
  publisher={Springer}
}

@article{ocpb:16,
  author       = {B. O'Donoghue and E. Chu and N. Parikh and S. Boyd},
  title        = {Conic Optimization via Operator Splitting and Homogeneous Self-Dual Embedding},
  journal      = {Journal of Optimization Theory and Applications},
  month        = {June},
  year         = {2016},
  volume       = {169},
  number       = {3},
  pages        = {1042-1068},
  url          = {http://stanford.edu/~boyd/papers/scs.html},
}

@book{nesterov1994interior,
  title={Interior-point Polynomial Algorithms in Convex Programming},
  author={Nesterov, Y. and Nemirovskii, A.},
  year={1994},
  publisher={SIAM}
}

@article{tibshirani1996regression,
  title={Regression shrinkage and selection via the lasso},
  author={Tibshirani, R.},
  journal={Journal of the Royal Statistical Society},
  pages={267--288},
  series={B},
  year={1996},
  publisher={JSTOR}
}

@article{bailey2016probability,
  title={The probability of backtest overfitting},
  author={Bailey, D. and Borwein, J. and Lopez de Prado, M. and Zhu, Q.},
  Journal = {Journal of Computational Finance},
  volume = {20},
  number = {4},
  pages = {39--69},
  year={2017}
}

@article{frittelli2002putting,
  title={Putting Order in Risk Measures},
  author={Frittelli, M. and Gianin, E.},
  journal={Journal of Banking \& Finance},
  volume={26},
  number={7},
  pages={1473--1486},
  year={2002},
  publisher={Elsevier}
}

@InProceedings{black1976volatility,
  Title                    = {Studies of Stock Price Volatility Changes},
  Author                   = {Black, F.},
  Booktitle                = {Proceedings of the 1976 Meetings of the American Statistical Association, Business and Economic Section},
  Year                     = {1976},
  pages                    = {177--181},
  Organization             = {American Statistical Association},
}

@article{chan1999portfolio,
  title={On Portfolio Optimization: Forecasting Covariances and Choosing the Risk Model},
  author={Chan, L. and Karceski, J. and Lakonishok, J.},
  journal={The Review of Financial Studies},
  volume={12},
  number={5},
  pages={937--974},
  year={1999},
  publisher={Oxford University Press}
}

@article{sharpe1991arithmetic,
  title={The Arithmetic of Active Management},
  author={Sharpe, W.},
  journal={Financial Analysts Journal},
  volume={47},
  number={1},
  pages={7--9},
  year={1991},
  publisher={CFA Institute}
}

@book{powell2007approximate,
  title={Approximate Dynamic Programming: Solving the Curses of Dimensionality},
  author={Powell, W.},
  year={2007},
  publisher={John Wiley \& Sons}
}

@book{bertsekas1995dynamic,
  title={Dynamic Programming and Optimal Control},
  author={Bertsekas, D.},
  year={1995},
  publisher={Athena Scientific}
}

@Book{aastrom2012introduction,
  Title                    = {Introduction to stochastic control theory},
  Author                   = {{\AA}str{\"o}m, Karl J},
  Publisher                = {Courier Dover Publications},
  Year                     = {2012},

  Date-added               = {2014-12-04 22:51:38 +0000},
  Date-modified            = {2014-12-04 22:51:38 +0000}
}

@Misc{alfonsi2009order,
  Title                    = {Order book resilience, price manipulation, and the positive portfolio problem},

  Author                   = {Alfonsi, A. and Schied, A. and Slynko, A.},
  HowPublished             = {Preprint, arXiv:0708.1756v3},
  Year                     = {2009},

  Date-modified            = {2011-09-25 20:32:00 +0200}
}

@Unpublished{Almgren09,
  Title                    = {High Frequency Volatility},
  Author                   = {Almgren, R.},
  Note                     = {Available at \url{http://cims.nyu.edu/~almgren/timeseries/notes7.pdf}},
  Year                     = {2009}
}

@Article{almgren2001optimal,
  Title                    = {Optimal execution of portfolio transactions},
  Author                   = {Almgren, R. and Chriss, N.},
  Journal                  = {Journal of Risk},
  Year                     = {2001},
  Number                   = {2},
  Pages                    = {5--39},
  Volume                   = {3}
}

@Article{almgren2005direct,
  Title                    = {Direct estimation of equity market impact},
  Author                   = {Almgren, R. and Thum, C. and Hauptmann, E. and Li, H.},
  Journal                  = {Journal of Risk},
  Year                     = {2005},
  Number                   = {7},
  Pages                    = {58--62},
  Volume                   = {18},

  Date-modified            = {2011-09-23 21:58:27 +0200}
}

@Misc{cvxopt,
  Title                    = {\textsc{CVXOPT}: A {Python} package for convex optimization, version 1.1.5.},

  Author                   = {Andersen, Martin and Dahl, Joachim and Vandenberghe, Lieven},
  Year                     = {2013},

  Bdsk-url-1               = {abel.ee.ucla.edu/cvxopt},
  Url                      = {abel.ee.ucla.edu/cvxopt}
}

@Book{bachelier1900,
  Title                    = {Th{\'e}orie de la sp{\'e}culation},
  Author                   = {Bachelier, L.},
  Publisher                = {Gauthier-Villars},
  Year                     = {1900},

  Address                  = {Paris, France},

  Date-modified            = {2011-09-23 19:00:57 +0200}
}

@Book{bacon2008practical,
  Title                    = {Practical portfolio performance measurement and attribution},
  Author                   = {C. Bacon},
  Publisher                = {Wiley},
  Year                     = {2008},
  Edition                  = {2nd}
}

@Article{bellman1956dynamic,
  Title                    = {Dynamic Programming and {L}agrange Multipliers},
  Author                   = {Bellman, R.},
  Journal                  = {Proceedings of the National Academy of Sciences},
  Year                     = {1956},
  Number                   = {10},
  Pages                    = {767--769},
  Volume                   = {42},

  Publisher                = {National Academy of Sciences}
}

@InProceedings{bemporad2006model,
  Title                    = {Model Predictive Control Design: New Trends and Tools},
  Author                   = {A. Bemporad},
  Booktitle                = {Proceedings of the 45th IEEE Conference on Decision and Control},
  Year                     = {2006},
  Organization             = {{IEEE}},
  Pages                    = {6678--6683},

  Date-added               = {2015-06-03 23:14:42 +0000},
  Date-modified            = {2015-11-30 20:40:03 +0000}
}

@Article{bemporad2014dynamic,
  Title                    = {Dynamic option hedging via stochastic model predictive control based on scenario simulation},
  Author                   = {Bemporad, A. and Bellucci, L. and Gabbriellini, T.},
  Journal                  = {Quantitative Finance},
  Year                     = {2014},
  Number                   = {10},
  Pages                    = {1739--1751},
  Volume                   = {14},

  Publisher                = {Taylor \& Francis}
}

@Book{ben2001lectures,
  Title                    = {Lectures on modern convex optimization: analysis, algorithms, and engineering applications},
  Author                   = {Ben-Tal, Aharon and Nemirovski, Arkadi},
  Publisher                = {Siam},
  Year                     = {2001},
  Volume                   = {2},

  Date-added               = {2015-01-29 06:11:35 +0000},
  Date-modified            = {2015-01-29 06:11:35 +0000}
}

@Book{beran1994statistics,
  Title                    = {Statistics for long-memory processes},
  Author                   = {Beran, J.},
  Publisher                = {Chapman \& Hall},
  Year                     = {1994},

  Address                  = {New York, NY},
  Series                   = {Monographs on Statistics and Applied Probability},
  Volume                   = {61},

  Date-modified            = {2011-09-23 18:35:00 +0200}
}

@Book{bertsekas1999nonlinear,
  Title                    = {Nonlinear Programming},
  Author                   = {Bertsekas, D},
  Publisher                = {Athena Scientific},
  Year                     = {1999},
  Edition                  = {2nd}
}

@Book{bertsekas2009,
  Title                    = {Convex Optimization Theory},
  Author                   = {Bertsekas, D. P.},
  Publisher                = {Athena Scientific},
  Year                     = {2009},

  Xxxseries                = {Athena Scientific optimization and computation series}
}

@Article{bertsekas1973,
  Title                    = {Stochastic Optimization Problems with Nondifferentiable Cost Functionals},
  Author                   = {Bertsekas, D. P.},
  Journal                  = {Journal of Optimization Theory and Applications},
  Year                     = {1973},
  Number                   = {2},
  Pages                    = {218--231},
  Volume                   = {12}
}

@Article{bialkowski2008improving,
  Title                    = {Improving vwap strategies: A dynamic volume approach},
  Author                   = {Bia{\l}kowski, Jedrzej and Darolles, Serge and Le Fol, Ga{\"e}lle},
  Journal                  = {Journal of Banking \& Finance},
  Year                     = {2008},
  Number                   = {9},
  Pages                    = {1709--1722},
  Volume                   = {32},

  Date-added               = {2014-10-30 19:21:43 +0000},
  Date-modified            = {2014-11-30 22:38:47 +0000},
  Publisher                = {Elsevier}
}

@Article{black1986noise,
  Title                    = {Noise},
  Author                   = {Black, F.},
  Journal                  = {Journal of Finance},
  Year                     = {1986},
  Number                   = {3},
  Pages                    = {529--43},
  Volume                   = {41},

  Date-modified            = {2011-09-23 21:55:27 +0200},
  Publisher                = {American Finance Association}
}

@Article{bollerslev1986generalized,
  Title                    = {Generalized Autoregressive Conditional Heteroskedasticity},
  Author                   = {Bollerslev, T.},
  Journal                  = {Journal of Financial Econometrics},
  Year                     = {1986},
  Number                   = {3},
  Pages                    = {307--327},
  Volume                   = {31},

  Date-modified            = {2011-09-23 21:53:49 +0200},
  Publisher                = {Elsevier}
}

@Article{bouchaud2006random,
  Title                    = {Random walks, liquidity molasses and critical response in financial markets},
  Author                   = {Bouchaud, J.P. and Kockelkoren, J. and Potters, M.},
  Journal                  = {Quantitative Finance},
  Year                     = {2006},
  Number                   = {2},
  Pages                    = {115--123},
  Volume                   = {6},

  Date-added               = {2011-09-23 13:04:50 +0200},
  Date-modified            = {2011-09-23 21:48:16 +0200},
  Publisher                = {Taylor and Francis Journals}
}

@Book{bouchaud2003theory,
  Title                    = {Theory of financial risk and derivative pricing: from statistical physics to risk management},
  Author                   = {Bouchaud, J.P. and Potters, M.},
  Publisher                = {Cambridge University Press},
  Year                     = {2003},

  Address                  = {Cambridge, UK},

  Date-modified            = {2011-09-23 18:36:08 +0200}
}

@Book{bouchaud2009markets,
  Title                    = {How Markets Slowly Digest Changes in Supply and Demand},
  Author                   = {Bouchaud, Jean-Philippe and Farmer, J. Doyne and Lillo, Fabrizio},
  Publisher                = {North-Holland},
  Year                     = {2009},

  Address                  = {San Diego, CA},
  Series                   = {Handbook of Financial Markets},
  Volume                   = {4},

  Date-modified            = {2015-11-30 20:47:32 +0000},
  Pages                    = {57--160}
}

@Article{bouchaud2004fluctuations,
  Title                    = {Fluctuations and response in financial markets: the subtle nature of `random'price changes},
  Author                   = {Bouchaud, Jean-Philippe and Gefen, Yuval and Potters, Marc and Wyart, Matthieu},
  Journal                  = {Quantitative Finance},
  Year                     = {2004},
  Number                   = {2},
  Pages                    = {176--190},
  Volume                   = {4},

  Date-added               = {2015-06-02 22:21:08 +0000},
  Date-modified            = {2015-06-02 22:21:08 +0000},
  Publisher                = {Taylor \&amp; Francis}
}

@Article{ee365,
  Title                    = {EE365: Stochastic Control. \url{http://stanford.edu/class/ee365/lectures.html}},
  Author                   = {Boyd, Stephen and Lall, Sanjay and Van Roy, Ben},
  Year                     = {2012},

  Date-added               = {2015-06-14 00:48:31 +0000},
  Date-modified            = {2015-11-30 21:05:03 +0000},
  Institution              = {Stanford University}
}

@Article{boyd2014performance,
  Title                    = {Performance bounds and suboptimal policies for multi-period investment},
  Author                   = {Boyd, S. and Mueller, M. and O'Donoghue, B. and Wang, Y.},
  Journal                  = {Foundations and Trends in Optimization},
  Year                     = {2014},
  Number                   = {1},
  Pages                    = {1--72},
  Volume                   = {1},

  Date-added               = {2015-02-04 18:55:26 +0000},
  Date-modified            = {2015-02-04 18:55:26 +0000},
  Publisher                = {Now Publishers}
}

@Article{boyd2011distributed,
  Title                    = {Distributed Optimization and Statistical Learning via the Alternating Direction Method of Multipliers},
  Author                   = {Boyd, S. and Parikh, N. and Chu, E. and Peleato, B. and Eckstein, J.},
  Journal                  = {Foundations and Trends in Machine Learning},
  Year                     = {2011},
  Number                   = {1},
  Pages                    = {1--122},
  Volume                   = {3},

  Publisher                = {Now Publishers Inc.}
}

@Book{boyd2004convex,
  Title                    = {Convex Optimization},
  Author                   = {Boyd, S. and Vandenberghe, L.},
  Publisher                = {Cambridge University Press},
  Year                     = {2004},

  Date-added               = {2014-11-30 20:14:32 +0000},
  Date-modified            = {2014-11-30 20:14:32 +0000}
}

@Article{browne2000risk,
  Title                    = {Risk-Constrained Dynamic Active Portfolio Management},
  Author                   = {Browne, S.},
  Journal                  = {Management Science},
  Year                     = {2000},
  Number                   = {9},
  Pages                    = {1188--1199},
  Volume                   = {46},

  Date-modified            = {2016-01-25 09:52:54 +0000},
  Publisher                = {INFORMS}
}

@Article{bubeck2015,
  Title                    = {Convex Optimization: Algorithms and Complexity},
  Author                   = {S. Bubeck},
  Journal                  = {Foundations and Trends{\textregistered} in Machine Learning},
  Year                     = {2015},
  Number                   = {3--4},
  Pages                    = {231--357},
  Volume                   = {8}
}

@misc{cvxportfolio,
  Title                    = {{\verb|CVXPortfolio|}},
  Author                   = {Busseti, E. and Diamond, S. and Boyd, S. and Blackrock.},
  Note                     = {Available at \url{https://github.com/cvxgrp/cvxportfolio}},
  Year                     = {2017}
}

@Article{busseti2016risk,
  Title                    = {Risk-Constrained {K}elly Gambling},
  Author                   = {E. Busseti and E. Ryu and S. Boyd},
  Journal                  = {Journal of Investing},
  Year                     = {2016},
  Number                   = {3},
  Volume                   = {25},

  Publisher                = {Institutional Investors Journals}
}

@Article{byrd1995limited,
  Title                    = {A limited memory algorithm for bound constrained optimization},
  Author                   = {Byrd, R.H. and Lu, P. and Nocedal, J. and Zhu, C.},
  Journal                  = {SIAM Journal on Scientific Computing},
  Year                     = {1995},
  Number                   = {5},
  Pages                    = {1190--1208},
  Volume                   = {16},

  Date-modified            = {2011-09-23 21:59:36 +0200}
}

@Book{campbell1997econometrics,
  Title                    = {The Econometrics of Financial Markets},
  Author                   = {Campbell, J. and Lo, A. and MacKinlay, A.},
  Publisher                = {Princeton University Press},
  Year                     = {1997},
  Volume                   = {1}
}

@Book{campbell2002strategic,
  Title                    = {Strategic Asset Allocation: Portfolio Choice for Long-Term Investors},
  Author                   = {Campbell, J. and Viceira, L.},
  Publisher                = {Oxford University Press},
  Year                     = {2002}
}

@Article{cartea2014closed,
  Title                    = {A Closed-Form Execution Strategy to Target VWAP},
  Author                   = {Cartea, {\'A}lvaro and Jaimungal, Sebastian},
  Journal                  = {Available at SSRN 2542314},
  Year                     = {2014},

  Date-added               = {2015-11-30 20:29:15 +0000},
  Date-modified            = {2015-11-30 20:29:15 +0000}
}

@Book{cartea2015algorithmic,
  Title                    = {Algorithmic and High-Frequency Trading},
  Author                   = {Cartea, {\'A}lvaro and Jaimungal, Sebastian and Penalva, Jos{\'e}},
  Publisher                = {Cambridge University Press},
  Year                     = {2015},

  Date-added               = {2015-11-30 20:31:13 +0000},
  Date-modified            = {2015-11-30 20:31:13 +0000}
}

@Article{chan1995behavior,
  Title                    = {The behavior of stock prices around institutional trades},
  Author                   = {Chan, L. and Lakonishok, J.},
  Journal                  = {Journal of Finance},
  Year                     = {1995},
  Pages                    = {1147--1174},
  Volume                   = {50},

  Date-modified            = {2011-09-23 21:55:22 +0200},
  Publisher                = {JSTOR}
}

@InProceedings{cho2003supply,
  Title                    = {Supply Chain Planning: Rolling Horizon Scheduling of Multi-Factory Supply Chains},
  Author                   = {Cho, E. and Thoney, K. and Hodgson, T. and King, R.},
  Booktitle                = {Proceedings of the 35th conference on Winter simulation: driving innovation},
  Year                     = {2003},
  Organization             = {Winter Simulation Conference},
  Pages                    = {1409--1416}
}

@Article{chopra1993effect,
  Title                    = {The effect of errors in means, variances, and covariances on optimal portfolio choice},
  Author                   = {Chopra, V. and Ziemba, W.},
  Journal                  = {Journal of Portfolio Management},
  Year                     = {1993},
  Number                   = {2},
  Pages                    = {6--11},
  Volume                   = {19}
}

@Article{constantinides1979multiperiod,
  Title                    = {Multiperiod consumption and investment behavior with convex transactions costs},
  Author                   = {Constantinides, G.},
  Journal                  = {Management Science},
  Year                     = {1979},
  Number                   = {11},
  Pages                    = {1127--1137},
  Volume                   = {25},

  Publisher                = {INFORMS}
}

@Book{cont2007volatility,
  Title                    = {Volatility clustering in financial markets: empirical facts and agent-based models, in "Long Memory in Economics"},
  Author                   = {Cont, R.},
  Publisher                = {Springer},
  Year                     = {2007},

  Address                  = {New York, NY},

  Date-modified            = {2011-09-23 22:13:32 +0200},
  Pages                    = {289--309}
}

@Book{cornuejols2006optimization,
  Title                    = {Optimization Methods in Finance},
  Author                   = {Cornuejols, G. and T{\"u}t{\"u}nc{\"u}, R.},
  Publisher                = {Cambridge University Press},
  Year                     = {2006}
}

@Book{cover2012elements,
  Title                    = {Elements of Information Theory},
  Author                   = {T. Cover and J. Thomas},
  Publisher                = {John Wiley \& Sons},
  Year                     = {2012}
}

@Article{daniels2003quantitative,
  Title                    = {Quantitative model of price diffusion and market friction based on trading as a mechanistic random process},
  Author                   = {Daniels, M.G. and Farmer, J.D. and Gillemot, L. and Iori, G. and Smith, E.},
  Journal                  = {Physical Review Letters},
  Year                     = {2003},
  Number                   = {10},
  Pages                    = {102--108},
  Volume                   = {90},

  Date-modified            = {2011-09-23 21:52:17 +0200},
  Publisher                = {APS}
}

@InCollection{davis2012fractional,
  Title                    = {Fractional {K}elly Strategies in Continuous Time: Recent Developments},
  Author                   = {M. Davis and S. Lleo},
  Booktitle                = {Handbook of the Fundamentals of Financial Decision Making},
  Publisher                = {World Scientific Publishing},
  Year                     = {2012},
  Editor                   = {L. C. MacLean and W. T. Ziemba},
  Pages                    = {753--788}
}

@Article{davis1990portfolio,
  Title                    = {Portfolio selection with transaction costs},
  Author                   = {Davis, M. and Norman, A.},
  Journal                  = {Mathematics of Operations Research},
  Year                     = {1990},
  Number                   = {4},
  Pages                    = {676--713},
  Volume                   = {15},

  Publisher                = {INFORMS}
}

@Article{demiguel2009generalized,
  Title                    = {A Generalized Approach to Portfolio Optimization: Improving Performance by Constraining Portfolio Norms},
  Author                   = {V. DeMiguel and L. Garlappi and F. Nogales and R. Uppal},
  Journal                  = {Management Science},
  Year                     = {2009},
  Number                   = {5},
  Pages                    = {798--812},
  Volume                   = {55}
}

@Article{demiguel2009optimal,
  Title                    = {Optimal Versus Naive Diversification: How Inefficient is the {$1/N$} Portfolio Strategy?},
  Author                   = {V. DeMiguel and L. Garlappi and R. Uppal},
  Journal                  = {Review of Financial Studies},
  Year                     = {2009},
  Number                   = {5},
  Pages                    = {1915--1953},
  Volume                   = {22}
}

@Article{cvxpy,
  Title                    = {{CVXPY}: A {P}ython-Embedded Modeling Language for Convex Optimization},
  Author                   = {S. Diamond and S. Boyd},
  Journal                  = {Journal of Machine Learning Research},
  Year                     = {2016},
  Number                   = {83},
  Pages                    = {1--5},
  Volume                   = {17},

  Bdsk-url-1               = {http://stanford.edu/~boyd/papers/pdf/cvxpy_paper.pdf},
  Url                      = {http://stanford.edu/~boyd/papers/pdf/cvxpy_paper.pdf}
}

@Article{diamondtakapoui2016,
  Title                    = {A General System for Heuristic Solution of Convex Problems over Nonconvex Sets},
  Author                   = {Diamond, S. and Takapoui, R. and Boyd, S.},
  Year                     = {2017},
volume = {to appear},
journal = {Optimization Methods and Software}
}

@Article{ding1993long,
  Title                    = {A long memory property of stock market returns and a new model},
  Author                   = {Ding, Z. and Granger, C.W.J. and Engle, R.F.},
  Journal                  = {Journal of Empirical Finance},
  Year                     = {1993},
  Number                   = {1},
  Pages                    = {83--106},
  Volume                   = {1},

  Date-modified            = {2011-09-23 21:56:50 +0200},
  Publisher                = {Elsevier}
}

@InProceedings{domahidi2013ecos,
  Title                    = {{ECOS}: {A}n {SOCP} Solver for Embedded Systems},
  Author                   = {A. Domahidi and E. Chu and S. Boyd},
  Booktitle                = {European Control Conference ({ECC})},
  Year                     = {2013},
  Pages                    = {3071-3076}
}

@InProceedings{duchi2008efficient,
  Title                    = {Efficient Projections Onto the $\ell_1$-Ball for Learning in High Dimensions},
  Author                   = {Duchi, John and Shalev-Shwartz, Shai and Singer, Yoram and Chandra, Tushar},
  Booktitle                = {Proceedings of the 25$^\text{th}$ International Conference on Machine Learning},
  Year                     = {2008},
  Pages                    = {272--279},

  Date-added               = {2016-02-02 09:24:11 +0000},
  Date-modified            = {2016-02-02 09:29:12 +0000}
}

@Article{dumas1991exact,
  Title                    = {An exact solution to a dynamic portfolio choice problem under transactions costs},
  Author                   = {Dumas, B. and Luciano, E.},
  Journal                  = {Journal of Finance},
  Year                     = {1991},
  Number                   = {2},
  Pages                    = {577--595},
  Volume                   = {46},

  Publisher                = {Wiley Online Library}
}

@Misc{elton1995persistence,
  Title                    = {The persistence of risk-adjusted mutual fund performance},

  Author                   = {Elton, E. and Gruber, M. and Blake, C.},
  HowPublished             = {NYU, Working Paper. Available at SSRN: http://ssrn.com/abstract=1298325},
  Year                     = {1995},

  Date-modified            = {2011-09-25 20:31:02 +0200}
}

@Article{fabozzi2010robust,
  Title                    = {Robust portfolios: {C}ontributions from operations research and finance},
  Author                   = {Fabozzi, F. and Huang, D. and Zhou, G.},
  Journal                  = {Annals of Operations Research},
  Year                     = {2010},
  Number                   = {1},
  Pages                    = {191--220},
  Volume                   = {176}
}

@Book{fabozzi2003capital,
  Title                    = {Capital markets: institutions and instruments},
  Author                   = {Fabozzi, F.J. and Modigliani, F. and Jones, F.J.},
  Publisher                = {Prentice Hall},
  Year                     = {2003},

  Address                  = {Englewood Cliffs, NJ},

  Date-modified            = {2011-09-23 18:35:51 +0200}
}

@Article{fama1970efficient,
  Title                    = {Efficient capital markets: A review of theory and empirical work},
  Author                   = {Fama, E.F.},
  Journal                  = {Journal of Finance},
  Year                     = {1970},
  Number                   = {2},
  Pages                    = {383--417},
  Volume                   = {25},

  Date-modified            = {2011-09-23 21:54:58 +0200},
  Publisher                = {JSTOR}
}

@Article{farmer2004really,
  Title                    = {What really causes large price changes?},
  Author                   = {Farmer, J.D. and Gillemot, L. and Lillo, F. and Mike, S. and Sen, A.},
  Journal                  = {Quantitative Finance},
  Year                     = {2004},
  Pages                    = {383--397},
  Volume                   = {4}
}

@Article{fastrich2015constructing,
  Title                    = {Constructing optimal sparse portfolios using regularization methods},
  Author                   = {B. Fastrich and S. Paterlini and P. Winker},
  Journal                  = {Computational Management Science},
  Year                     = {2015},
  Number                   = {3},
  Pages                    = {417--434},
  Volume                   = {12}
}

@Book{feller1971,
  Title                    = {An Introduction to Probability Theory and Its Applications},
  Author                   = {W. Feller},
  Publisher                = {Wiley},
  Year                     = {1971},
  Edition                  = {2nd},
  Volume                   = {2}
}

@InCollection{fougner2015pogs,
  Title                    = {Parameter Selection and Pre-Conditioning for a Graph Form Solver},
  Author                   = {C. Fougner and S. Boyd},
  Booktitle                = {Emerging Applications of Control and System Theory},
  Editor                   = {Tempo, R. and Yurkovich, S. and Misra, P.},
  publisher = {Springer},
  note = {To appear},
  Year                     = {2017}
  }

@Article{frei2013optimal,
  Title                    = {Optimal execution of a {VWAP} order: a stochastic control approach},
  Author                   = {Frei, Christoph and Westray, Nicholas},
  Journal                  = {Mathematical Finance},
  Year                     = {2015},
  Number                   = {3},
  Pages                    = {612--639},
  Volume                   = {25},

  Date-added               = {2014-10-29 07:45:40 +0000},
  Date-modified            = {2014-11-11 22:05:25 +0000},
  Publisher                = {Wiley Online Library}
}

@Article{garleanu2013dynamic,
  Title                    = {Dynamic trading with predictable returns and transaction costs},
  Author                   = {G{\^a}rleanu, N. and Pedersen, L.},
  Journal                  = {Journal of Finance},
  Year                     = {2013},
  Number                   = {6},
  Pages                    = {2309--2340},
  Volume                   = {68},

  Publisher                = {Wiley Online Library}
}

@Article{gabaix2003theory,
  Title                    = {A theory of power-law distributions in financial market fluctuations},
  Author                   = {Gabaix, X. and Gopikrishnan, P. and Plerou, V. and Stanley, H.E.},
  Journal                  = {Nature},
  Year                     = {2003},
  Number                   = {6937},
  Pages                    = {267--270},
  Volume                   = {423},

  Publisher                = {Nature Publishing Group}
}

@Book{gallager2013Stochastic,
  Title                    = {Stochastic Processes: Theory for Applications},
  Author                   = {R. G. Gallager},
  Publisher                = {Cambridge University Press},
  Year                     = {2013}
}

@Article{gatheral2009no,
  Title                    = {No-dynamic-arbitrage and market impact},
  Author                   = {Gatheral, J.},
  Journal                  = {Quantitative Finance},
  Year                     = {2009},
  Number                   = {7},
  Pages                    = {749--759},
  Volume                   = {10},

  Date-modified            = {2011-09-23 21:48:20 +0200},
  Publisher                = {Taylor and Francis Journals}
}

@Article{goldsmith1976transactions,
  Title                    = {Transactions costs and the theory of portfolio selection},
  Author                   = {Goldsmith, D.},
  Journal                  = {Journal of Finance},
  Year                     = {1976},
  Number                   = {4},
  Pages                    = {1127--1139},
  Volume                   = {31},

  Publisher                = {Wiley Online Library}
}

@Article{gopikrishnan1998inverse,
  Title                    = {Inverse cubic law for the distribution of stock price variations},
  Author                   = {Gopikrishnan, P. and Meyer, M. and Amaral, L.A.N. and Stanley, H.E.},
  Journal                  = {European Physical Journal B},
  Year                     = {1998},
  Number                   = {2},
  Pages                    = {139--140},
  Volume                   = {3},

  Date-modified            = {2011-09-23 22:10:03 +0200},
  Publisher                = {Springer}
}

@InCollection{gb08,
  Title                    = {Graph Implementations for Nonsmooth Convex Programs},
  Author                   = {Michael Grant and Stephen Boyd},
  Booktitle                = {Recent Advances in Learning and Control},
  Publisher                = {Springer-Verlag Limited},
  Year                     = {2008},
  Editor                   = {V. Blondel and S. Boyd and H. Kimura},
  Note                     = {\url{http://stanford.edu/~boyd/graph_dcp.html}},
  Pages                    = {95--110},
  Series                   = {Lecture Notes in Control and Information Sciences}
}

@Misc{cvx,
  Title                    = {{CVX}: Matlab Software for Disciplined Convex Programming, version 2.1},

  Author                   = {M. Grant and S. Boyd},
  HowPublished             = {\url{http://cvxr.com/cvx}},
  Month                    = mar,
  Year                     = {2014}
}

@InCollection{grant2006dcp,
  Title                    = {Disciplined Convex Programming},
  Author                   = {M. Grant and S. Boyd and Y. Ye},
  Booktitle                = {Global Optimization: From Theory to Implementation},
  Publisher                = {Springer},
  Year                     = {2006},
  Pages                    = {155--210},
  Series                   = {Nonconvex Optimization and its Applications}
}

@Book{greene2003econometric,
  Title                    = {Econometric analysis},
  Author                   = {Greene, W.H. and Zhang, C.},
  Publisher                = {Prentice Hall},
  Year                     = {2003},

  Address                  = {Englewood Cliffs, NJ},
  Edition                  = {5th},

  Date-modified            = {2011-09-23 19:02:33 +0200}
}

@Article{grinold2006dynamic,
  Title                    = {A dynamic model of portfolio management},
  Author                   = {Grinold, R.},
  Journal                  = {Journal of Investment Management},
  Year                     = {2006},
  Number                   = {2},
  Pages                    = {5--22},
  Volume                   = {4}
}

@Book{grinold1999active,
  Title                    = {Active Portfolio Management: A Quantitative Approach for Providing Superior Returns and Controlling Risk},
  Author                   = {R. Grinold and R. Kahn},
  Publisher                = {McGraw-Hill},
  Year                     = {1999},
  Edition                  = {2nd},

  Date-added               = {2015-05-28 19:01:45 +0000},
  Date-modified            = {2015-05-28 19:01:45 +0000}
}

@Article{herzog2007stochastic,
  Title                    = {Stochastic model predictive control and portfolio optimization},
  Author                   = {F. Herzog and G. Dondi and H. Geering},
  Journal                  = {International Journal of Theoretical and Applied Finance},
  Year                     = {2007},
  Number                   = {2},
  Pages                    = {203--233},
  Volume                   = {10}
}

@Article{ho2015weighted,
  Title                    = {Weighted Elastic Net Penalized Mean--Variance Portfolio Design and Computation},
  Author                   = {M. Ho and Z. Sun and J. Xin},
  Journal                  = {SIAM Journal on Financial Mathematics},
  Year                     = {2015},
  Number                   = {1},
  Pages                    = {1220--1244},
  Volume                   = {6}
}

@Article{hopman2002supply,
  Title                    = {Are supply and demand driving stock prices},
  Author                   = {Hopman, C.},
  Journal                  = {Quantitative Finance},
  Year                     = {2002},
  Pages                    = {104--145},
  Volume                   = {12},

  Date-modified            = {2011-09-23 21:48:07 +0200},
  Publisher                = {Taylor \& Francis}
}

@Article{humphery2011optimal,
  Title                    = {Optimal {VWAP} trading under noisy conditions},
  Author                   = {Humphery-Jenner, Mark L},
  Journal                  = {Journal of Banking \& Finance},
  Year                     = {2011},
  Number                   = {9},
  Pages                    = {2319--2329},
  Volume                   = {35},

  Date-added               = {2015-05-08 03:02:30 +0000},
  Date-modified            = {2015-11-30 20:51:15 +0000},
  Publisher                = {Elsevier}
}

@Article{hunter2007,
  Title                    = {Matplotlib: A 2D graphics environment},
  Author                   = {Hunter, John D.},
  Journal                  = {Computing in Science and Engineering},
  Year                     = {2007},

  Month                    = {May-Jun},
  Number                   = {3},
  Pages                    = {90--95},
  Volume                   = {9},

  Date-modified            = {2011-09-23 22:00:08 +0200},
  Publisher                = {IEEE COMPUTER SOC},
  Type                     = {Editorial Material}
}

@Article{jagannathan2003risk,
  Title                    = {Risk Reduction in Large Portfolios: Why Imposing the Wrong Constraints Helps},
  Author                   = {R. Jagannathan and T. Ma},
  Journal                  = {Journal of Finance},
  Year                     = {2003},
  Number                   = {4},
  Pages                    = {1651--1683},
  Volume                   = {58}
}

@Misc{Scipy,
  Title                    = {{SciPy}: Open source scientific tools for {Python}},

  Author                   = {Jones, E. and Oliphant, T. and Peterson, P. et al.},
  Year                     = {2001--},

  Bdsk-url-1               = {http://www.scipy.org/},
  Url                      = {http://www.scipy.org/}
}

@Article{jorion1985international,
  Title                    = {International portfolio diversification with estimation risk},
  Author                   = {Jorion, P.},
  Journal                  = {Journal of Business},
  Year                     = {1985},
  Number                   = {3},
  Pages                    = {259--278},
  Volume                   = {58}
}

@InProceedings{kakade2004competitive,
  Title                    = {Competitive algorithms for VWAP and limit order trading},
  Author                   = {Kakade, Sham M and Kearns, Michael and Mansour, Yishay and Ortiz, Luis E},
  Booktitle                = {Proceedings of the 5th ACM conference on Electronic commerce},
  Year                     = {2004},
  Organization             = {ACM},
  Pages                    = {189--198},

  Date-added               = {2014-08-28 19:04:24 +0000},
  Date-modified            = {2014-08-28 19:04:24 +0000}
}

@Article{kan2007optimal,
  Title                    = {Optimal portfolio choice with parameter uncertainty},
  Author                   = {Kan, R. and Zhou, G.},
  Journal                  = {Journal of Financial and Quantitative Analysis},
  Year                     = {2007},
  Number                   = {3},
  Pages                    = {621--656},
  Volume                   = {42}
}

@Article{keim1995anatomy,
  Title                    = {Anatomy of the trading process empirical evidence on the behavior of institutional traders* 1,* 2},
  Author                   = {Keim, D.B. and Madhavan, A.},
  Journal                  = {Journal of Financial Economics},
  Year                     = {1995},
  Number                   = {3},
  Pages                    = {371--398},
  Volume                   = {37},

  Date-modified            = {2011-09-23 21:53:27 +0200},
  Publisher                = {Elsevier}
}

@Article{kelly1956new,
  Title                    = {A New Interpretation of Information Rate},
  Author                   = {Kelly, Jr, J.},
  Journal                  = {IRE Transactions on Information Theory},
  Year                     = {1956},
  Number                   = {3},
  Pages                    = {185--189},
  Volume                   = {2},

  Date-modified            = {2016-01-23 22:36:05 +0000},
  Publisher                = {IEEE}
}

@Article{keshavarz2014quadratic,
  Title                    = {Quadratic approximate dynamic programming for input-affine systems},
  Author                   = {Keshavarz, Arezou and Boyd, Stephen},
  Journal                  = {International Journal of Robust and Nonlinear Control},
  Year                     = {2014},
  Number                   = {3},
  Pages                    = {432--449},
  Volume                   = {24},

  Date-added               = {2015-06-04 01:19:53 +0000},
  Date-modified            = {2015-06-04 01:19:53 +0000},
  Publisher                = {Wiley Online Library}
}

@Book{kissell2003optimal,
  Title                    = {Optimal Trading Strategies: Quantitative Approaches for Managing Market Impact and Trading Risk},
  Author                   = {Kissell, R. and Glantz, M. and Malamut, R.},
  Publisher                = {AMACOM},
  Year                     = {2003},

  Address                  = {New York, NY},

  Date-modified            = {2011-09-23 18:36:04 +0200}
}

@Article{kolm2014years,
  Title                    = {60 Years of portfolio optimization: Practical challenges and current trends},
  Author                   = {P. Kolm and R. T{\"u}t{\"u}nc{\"u} and F. Fabozzi},
  Journal                  = {European Journal of Operational Research},
  Year                     = {2014},
  Number                   = {2},
  Pages                    = {356--371},
  Volume                   = {234}
}

@Article{konishi2002optimal,
  Title                    = {Optimal slice of a VWAP trade},
  Author                   = {Konishi, Hizuru},
  Journal                  = {Journal of Financial Markets},
  Year                     = {2002},
  Number                   = {2},
  Pages                    = {197--221},
  Volume                   = {5},

  Date-added               = {2014-11-07 19:30:35 +0000},
  Date-modified            = {2014-11-07 19:30:35 +0000},
  Publisher                = {Elsevier}
}

@Book{kushner2003,
  Title                    = {Stochastic Approximation and Recursive Algorithms and Applications},
  Author                   = {Kushner, H. J. and Yin, G. G.},
  Publisher                = {Springer},
  Year                     = {2003},

  Xxxaddress               = {New York},
  Xxxseries                = {Applications of mathematics}
}

@Book{kwon2006receding,
  Title                    = {Receding Horizon Control: Model Predictive Control for State Models},
  Author                   = {Kwon, W. and Han, S.},
  Publisher                = {Springer-Verlag London},
  Year                     = {2006}
}

@InProceedings{lofberg2004yalmip,
  Title                    = {{YALMIP}: A Toolbox for Modeling and Optimization in {MATLAB}},
  Author                   = {J. L\"{o}fberg},
  Booktitle                = {Proceedings of the {IEEE} International Symposium on Computer Aided Control Systems Design},
  Year                     = {2004},
  Pages                    = {284--289},

  Date-added               = {2016-01-23 22:57:38 +0000},
  Date-modified            = {2016-01-23 23:01:19 +0000}
}

@Article{lee1991inferring,
  Title                    = {Inferring trade direction from intraday data},
  Author                   = {Lee, C.M.C. and Ready, M.J.},
  Journal                  = {Journal of Finance},
  Year                     = {1991},
  Pages                    = {733--746},
  Volume                   = {46},

  Date-modified            = {2011-09-23 21:55:16 +0200},
  Publisher                = {JSTOR}
}

@Article{li2015sparse,
  Title                    = {Sparse and stable portfolio selection with parameter uncertainty},
  Author                   = {J. Li},
  Journal                  = {Journal of Business \& Economic Statistics},
  Year                     = {2015},
  Number                   = {3},
  Pages                    = {381--392},
  Volume                   = {33}
}

@Article{lillo2004long,
  Title                    = {The Long Memory of the Efficient Market},
  Author                   = {Lillo, F. and Farmer, J.D.},
  Journal                  = {Studies in Nonlinear Dynamics and Econometrics},
  Year                     = {2004},
  Number                   = {3},
  Pages                    = {1--32},
  Volume                   = {8},

  Date-modified            = {2011-09-23 22:01:12 +0200},
  Publisher                = {Bepress}
}

@Article{lillo2003master,
  Title                    = {Master Curve For Price-Impact Function},
  Author                   = {Lillo, F. and Farmer, J.D. and Mantegna, R.N.},
  Journal                  = {Nature},
  Year                     = {2003},
  Number                   = {129},
  Pages                    = {176--190},
  Volume                   = {421},

  Publisher                = {Nature Publishing Group}
}

@Article{lobo2007portfolio,
  Title                    = {Portfolio optimization with linear and fixed transaction costs},
  Author                   = {Lobo, M. and Fazel, M. and Boyd, S.},
  Journal                  = {Annals of Operations Research},
  Year                     = {2007},
  Number                   = {1},
  Pages                    = {341--365},
  Volume                   = {152}
}

@Article{lux1997time,
  Title                    = {Time variation of second moments from a noise trader/infection model},
  Author                   = {Lux, T.},
  Journal                  = {Journal of Economic Dynamics \& Control},
  Year                     = {1997},
  Number                   = {1},
  Pages                    = {1--38},
  Volume                   = {22},

  Date-modified            = {2011-09-23 21:56:32 +0200},
  Publisher                = {Elsevier}
}

@Book{maclean2011kelly,
  Title                    = {The {K}elly Capital Growth Investment Criterion: Theory and Practice},
  Author                   = {L. C. MacLean and E. O. Thorp and W. T. Ziemba},
  Publisher                = {World Scientific Publishing},
  Year                     = {2011},
  Volume                   = {3},
  Series                = {World Scientific Handbook in Financial Economics}
}

@Book{markowitz1968portfolio,
  Title                    = {Portfolio selection: Efficient diversification of investments},
  Author                   = {Markowitz, H.M.},
  Publisher                = {Yale University Press},
  Year                     = {1968},

  Address                  = {New Haven, CT},

  Date-modified            = {2011-09-23 18:52:06 +0200}
}

@Article{markowitz1952portfolio,
  Title                    = {Portfolio Selection},
  Author                   = {Markowitz, H.},
  Journal                  = {Journal of Finance},
  Year                     = {1952},
  Number                   = {1},
  Pages                    = {77--91},
  Volume                   = {7},

  Publisher                = {American Finance Association}
}

@Article{mattingley2012cvxgen,
  Title                    = {{CVXGEN}: A Code Generator for Embedded Convex Optimization},
  Author                   = {J. Mattingley and S. Boyd},
  Journal                  = {Optimization and Engineering},
  Year                     = {2012},
  Number                   = {1},
  Pages                    = {1--27},
  Volume                   = {13}
}

@Article{mattingley2011receding,
  Title                    = {Receding Horizon Control: Automatic Generation of High-Speed Solvers},
  Author                   = {J. Mattingley and Y. Wang and S. Boyd},
  Journal                  = {IEEE Control Systems Magazine},
  Year                     = {2011},
  Number                   = {3},
  Pages                    = {52--65},
  Volume                   = {31},

  Date-added               = {2014-11-12 22:09:00 +0000},
  Date-modified            = {2014-11-12 22:09:12 +0000},
  Publisher                = {IEEE}
}

@Book{mckinney2012python,
  Title                    = {Python for Data Analysis: Data Wrangling with Pandas, NumPy, and IPython},
  Author                   = {McKinney, W.},
  Publisher                = {O'Reilly Media},
  Year                     = {2012},

  ISBN                     = {9781449323615}
}

@Book{merton1990continuous,
  Title                    = {Continuous-Time Finance},
  Author                   = {Merton, R.},
  Publisher                = {Wiley-Blackwell},
  Year                     = {1990},

  Date-added               = {2016-01-25 09:47:08 +0000},
  Date-modified            = {2016-01-25 09:47:19 +0000}
}

@Article{merton1973intertemporal,
  Title                    = {An Intertemporal Capital Asset Pricing Model},
  Author                   = {Merton, R.},
  Journal                  = {Econometrica},
  Year                     = {1973},
  Number                   = {5},
  Pages                    = {867--87},
  Volume                   = {41},

  Publisher                = {Econometric Society}
}

@Article{merton1971optimum,
  Title                    = {Optimum consumption and portfolio rules in a continuous-time model},
  Author                   = {Merton, R.},
  Journal                  = {Journal of Economic Theory},
  Year                     = {1971},
  Number                   = {4},
  Pages                    = {373--413},
  Volume                   = {3},

  Publisher                = {Academic Press}
}

@Article{merton1969lifetime,
  Title                    = {Lifetime portfolio selection under uncertainty: {T}he continuous-time case},
  Author                   = {R. Merton},
  Journal                  = {Review of Economics and Statistics},
  Year                     = {1969},
  Number                   = {3},
  Pages                    = {247--257},
  Volume                   = {51}
}

@Article{meucci2010historical,
  Title                    = {Historical scenarios with fully flexible probabilities},
  Author                   = {Meucci, A.},
  Journal                  = {GARP Risk Professional},
  Year                     = {2010},
  Pages                    = {47--51}
}

@Book{meucci2005risk,
  Title                    = {Risk and Asset Allocation},
  Author                   = {A. Meucci},
  Publisher                = {Springer},
  Year                     = {2005}
}

@Article{michaud1989Markowitz,
  Title                    = {The {M}arkowitz Optimization {E}nigma: Is `Optimized' Optimal?},
  Author                   = {R. Michaud},
  Journal                  = {Financial Analysts Journal},
  Year                     = {1989},
  Number                   = {1},
  Pages                    = {31--42},
  Volume                   = {45}
}

@Article{moallemi2015dynamic,
  Title                    = {Dynamic portfolio choice with linear rebalancing rules},
  Author                   = {Moallemi, C. and Sa{\u{g}}lam, M.},
  Journal                  = {Journal of Financial and Quantitative Analysis},
  Volume = {52},
  Issue = {3},
  pages = {1247--1278},
  Year                     = {2017}
}

@Book{narang2013inside,
  Title                    = {Inside the Black Box: A Simple Guide to Quantitative and High Frequency Trading},
  Author                   = {Narang, R},
  Publisher                = {John Wiley \& Sons},
  Year                     = {2013}
}

@Article{Nek2014,
  Title                    = {Kelly Criterion for Multivariate Portfolios: A Model-Free Approach},
  Author                   = {Nekrasov, V.},
  Journal                  = {Available at SSRN 2259133},
  Year                     = {2014}
}

@Article{nemirovski2009robust,
  Title                    = {Robust Stochastic Approximation Approach to Stochastic Programming},
  Author                   = {A. S. Nemirovski and A. Juditsky and G. Lan and A. Shapiro},
  Journal                  = {SIAM Journal on Optimization},
  Year                     = {2009},
  Number                   = {4},
  Pages                    = {1574--1609},
  Volume                   = {19},

  Date-added               = {2016-02-02 09:19:12 +0000},
  Date-modified            = {2016-02-02 09:20:20 +0000},
  Publisher                = {SIAM}
}

@Book{nemirovski1983,
  Title                    = {Problem Complexity and Method Efficiency in Optimization},
  Author                   = {A. S. Nemirovski and D. B. Yudin},
  Publisher                = {Wiley},
  Year                     = {1983}
}

@Article{nemirovski1978,
  Title                    = {On {C}esari's convergence of the steepest descent method for approximating saddle points of convex-concave functions},
  Author                   = {A. S. Nemirovski and D. B. Yudin},
  Journal                  = {Doklady Akademii Nauk SSSR},
  Year                     = {1978},
  Pages                    = {1056--1059},
  Volume                   = {239},

  Issue                    = {5}
}

@Book{nesterov2004introductory,
  Title                    = {Introductory Lectures on Convex Optimization: A Basic Course},
  Author                   = {Y. Nesterov},
  Publisher                = {Kluwer Academic Publishers},
  Year                     = {2004}
}

@TechReport{nystrup2016dynamic,
  Title                    = {Dynamic Portfolio Optimization Across Hidden Market Regimes},
  Author                   = {P. Nystrup and H. Madsen and E. Lindstr\"{o}m},
  Institution              = {Technical University of Denmark},
  Year                     = {2016},
  Type                     = {Working paper}
}

@article{obizhaeva2006optimal,
  Title                    = {Optimal Trading Strategy and Supply/Demand Dynamics},
  Author                   = {Obizhaeva, A. and Wang, J.},
  Journal              = {Journal of Financial Markets},
  Year                     = {2013},
  Volume                   = {16},
  Pages                    = {1--32},
  Number                   = {1},
  Publisher                    = {Elsevier},
}

@Article{parikh2014proximal,
  Title                    = {Proximal Algorithms},
  Author                   = {Parikh, N. and Boyd, S.},
  Journal                  = {Foundations and Trends in Optimization},
  Year                     = {2014},
  Volume                   = {1},
  Issue                    = {3},
  Publisher                = {Now Publishers}
}

@Article{perold1998implementation,
  Title                    = {The Implementation Shortfall: {P}aper versus Reality},
  Author                   = {Perold, A.},
  Journal                  = {Journal of Portfolio Management},
  Year                     = {1998},
  Pages                    = {106},
  Volume                   = {31},

  Date-modified            = {2011-09-23 21:57:32 +0200},
  Publisher                = {Princeton University Press}
}

@Article{perold1984large,
  Title                    = {Large-Scale Portfolio Optimization},
  Author                   = {Perold, A.},
  Journal                  = {Management Science},
  Year                     = {1984},
  Number                   = {10},
  Pages                    = {1143--1160},
  Volume                   = {30},

  Date-added               = {2016-07-25 22:14:47 +0000},
  Date-modified            = {2016-07-25 22:15:10 +0000},
  Publisher                = {{INFORMS}}
}

@Article{perold1995dynamic,
  Title                    = {Dynamic Strategies for Asset Allocation},
  Author                   = {A. Perold and W. Sharpe},
  Journal                  = {Financial Analysts Journal},
  Year                     = {1995},
  Number                   = {1},
  Pages                    = {149--160},
  Volume                   = {51}
}

@Book{polyak1987introduction,
  Title                    = {Introduction to Optimization},
  Author                   = {Polyak, B. T.},
  Publisher                = {Optimization Software},
  Year                     = {1987},

  Address                  = {New York}
}

@misc{QuandlWIKI,
  Title                    = {{WIKI} End-Of-Day Data},
  Author                   = {Quandl},
  Note                     = {Available at \url{https://www.quandl.com/data/WIKI}},
  Year                     = {2016}
}

@Article{robbins1951,
  Title                    = {A Stochastic Approximation Method},
  Author                   = {H. Robbins and S. Monro},
  Journal                  = {The Annals of Mathematical Statistics},
  Year                     = {1951},
  Number                   = {3},
  Pages                    = {400--407},
  Volume                   = {22}
}

@Book{rockafellar1974,
  Title                    = {Conjugate Duality and Optimization},
  Author                   = {R. T. Rockafellar},
  Publisher                = {Society for Industrial and Applied Mathematics},
  Year                     = {1974},

  Address                  = {Philadelphia}
}

@Article{samuelson1969liftetime,
  Title                    = {Lifetime Portfolio Selection by Dynamic Stochastic Programming},
  Author                   = {P. Samuelson},
  Journal                  = {Review of Economics and Statistics},
  Year                     = {1969},
  Number                   = {3},
  Pages                    = {239--246},
  Volume                   = {51}
}

@Article{samuelson1965proof,
  Title                    = {Proof that properly anticipated prices fluctuate randomly},
  Author                   = {Samuelson, P.},
  Journal                  = {Industrial Management Review},
  Year                     = {1965},
  Number                   = {2},
  Pages                    = {41--49},
  Volume                   = {6},

  Date-modified            = {2011-09-23 22:10:34 +0200}
}

@PhdThesis{akle2015algorithms,
  Title                    = {Algorithms for Unsymmetric Cone Optimization and an Implementation for Problems with the Exponential Cone},
  Author                   = {S. A. Serrano},
  School                   = {Stanford University},
  Year                     = {2015},

  Date-added               = {2016-01-23 22:36:11 +0000},
  Date-modified            = {2016-01-23 22:37:41 +0000}
}

@Article{sharpe1994,
  Title                    = {The {S}harpe Ratio},
  Author                   = {W. Sharpe},
  Journal                  = {The Journal of Portfolio Management},
  Year                     = {1994},
  Number                   = {1},
  Pages                    = {49--58},
  Volume                   = {21},

  Date-added               = {2016-07-11 19:12:24 +0000},
  Date-modified            = {2016-07-11 19:13:00 +0000},
  Publisher                = {Institutional Investor Journals}
}

@Article{sharpe1966,
  Title                    = {Mutual Fund Performance},
  Author                   = {W. Sharpe},
  Journal                  = {Journal of Business},
  Year                     = {1966},
  Number                   = {1},
  Pages                    = {119--138},
  Volume                   = {39}
}

@Book{shumway2000time,
  Title                    = {Time series analysis and its applications},
  Author                   = {Shumway, Robert H and Stoffer, David S},
  Publisher                = {Springer New York},
  Year                     = {2000},
  Volume                   = {3},
}

@Article{skaf2010shrinking,
  Title                    = {Shrinking-horizon dynamic programming},
  Author                   = {Skaf, Jo{\"e}lle and Boyd, Stephen and Zeevi, Assaf},
  Journal                  = {International Journal of Robust and Nonlinear Control},
  Year                     = {2010},
  Number                   = {17},
  Pages                    = {1993--2002},
  Volume                   = {20},
  Publisher                = {Wiley Online Library}
}

@Book{stroustrup1997,
  Title                    = {The C++ programming language},
  Author                   = {Stroustrup, B.},
  Publisher                = {Addison-Wesley},
  Year                     = {1997},
  Address                  = {Reading, MA},
}

@Article{convexjl,
  Title                    = {Convex Optimization in {Julia}},
  Author                   = {M. Udell and K. Mohan and D. Zeng and J. Hong and S. Diamond and S. Boyd},
  Journal                  = {SC14 Workshop on High Performance Technical Computing in Dynamic Languages},
  Year                     = {2014},

  Archiveprefix            = {arXiv},
  Eprint                   = {1410.4821},
  Primaryclass             = {math-oc}
}

@Article{vandenberghe1996semidefinite,
  Title                    = {Semidefinite programming},
  Author                   = {Vandenberghe, Lieven and Boyd, Stephen},
  Journal                  = {SIAM review},
  Year                     = {1996},
  Number                   = {1},
  Pages                    = {49--95},
  Volume                   = {38},
  Publisher                = {SIAM}
}

@Article{wald1944,
  Title                    = {On Cumulative Sums of Random Variables},
  Author                   = {A. Wald},
  Journal                  = {The Annals of Mathematical Statistics},
  Year                     = {1944},
  Number                   = {3},
  Pages                    = {283--296},
  Volume                   = {15}
}

@Book{whittle1990,
  Title                    = {Risk-sensitive Optimal Control},
  Author                   = {P. Whittle},
  Publisher                = {Wiley},
  Year                     = {1990}
}

@Article{whittle1981,
  Title                    = {Risk-Sensitive Linear/Quadratic/{G}aussian Control},
  Author                   = {P. Whittle},
  Journal                  = {Advances in Applied Probability},
  Year                     = {1981},
  Number                   = {4},
  Pages                    = {764--777},
  Volume                   = {13}
}
